@misc{hp_the_machine,
  title = {{HP The Machine}},
  howpublished = "\url{ http://www.labs.hpe.com/research/themachine/}",
}

@misc{huawei_dc_30,
  title = {{Huawei DC3.0}},
  howpublished = "\url{www.huawei.com/ilink/en/download/HW_349607}",
}

@misc{fb_disag_rack,
  title = {{FB disaggregated rack}},
  howpublished = "\url{http://www.opencompute.org/wp/wp-content/uploads/2013/01/OCP_Summit_IV_Disaggregation_Jason_Taylor.pdf}",
}

@misc{intel_rsa,
  title = {{Intel Rack-scale Architecture}},
  howpublished = "\url{http://www.intel.com/content/www/us/en/architecture-and-technology/rack-scale-design-overview.html}",
}

@misc{ericsson,
  title = {{Ericsson Hyperscale datacenter}},
  howpublished = "\url{http://www.ericsson.com/mwc2015/launches/hyperscale-datacenter-system-ericsson-hds-8000}",
}

@misc{hp_moonshot,
  title = {{HP Moonshot}},
  howpublished = "\url{https://www.hpe.com/us/en/servers/moonshot.html}",
}

@misc{fujitsu_disag,
  title = {{Bringing disaggregation to transport networks}},
  howpublished = "\url{https://www.fujitsu.com/us/Images/HR-Fujitsu\%20Disaggregation-WP.pdf}",
}

@inproceedings {gao,
author = {Peter X. Gao and Akshay Narayan and Sagar Karandikar and Joao Carreira and Sangjin Han and Rachit Agarwal and Sylvia Ratnasamy and Scott Shenker},
title = {Network Requirements for Resource Disaggregation},
booktitle = {12th USENIX Symposium on Operating Systems Design and Implementation (OSDI 16)},
year = {2016},
month = Nov,
address = {GA},
url = {https://www.usenix.org/conference/osdi16/technical-sessions/presentation/gao},
publisher = {USENIX Association},
}

@inproceedings {farm,
author = {Aleksandar Dragojevi{\'c} and Dushyanth Narayanan and Miguel Castro and Orion Hodson},
title = {FaRM: Fast Remote Memory},
booktitle = {11th USENIX Symposium on Networked Systems Design and Implementation (NSDI 14)},
year = {2014},
month = Apr,
isbn = {978-1-931971-09-6},
address = {Seattle, WA},
pages = {401--414},
url = {https://www.usenix.org/conference/nsdi14/technical-sessions/dragojevi{\'c}},
publisher = {USENIX Association},
}

@inproceedings{ramcloud,
 author = {Ongaro, Diego and Rumble, Stephen M. and Stutsman, Ryan and Ousterhout, John and Rosenblum, Mendel},
 title = {Fast Crash Recovery in RAMCloud},
 booktitle = {Proceedings of the Twenty-Third ACM Symposium on Operating Systems Principles},
 series = {SOSP '11},
 year = {2011},
 isbn = {978-1-4503-0977-6},
 location = {Cascais, Portugal},
 pages = {29--41},
 numpages = {13},
 url = {http://doi.acm.org/10.1145/2043556.2043560},
 doi = {10.1145/2043556.2043560},
 acmid = {2043560},
 publisher = {ACM},
 address = {New York, NY, USA},
 keywords = {crash recovery, main memory databases, scalability, storage systems},
} 

@inproceedings{spark,
 author = {Zaharia, Matei and Chowdhury, Mosharaf and Das, Tathagata and Dave, Ankur and Ma, Justin and McCauley, Murphy and Franklin, Michael J. and Shenker, Scott and Stoica, Ion},
 title = {Resilient Distributed Datasets: A Fault-tolerant Abstraction for In-memory Cluster Computing},
 booktitle = {Proceedings of the 9th USENIX Conference on Networked Systems Design and Implementation},
 series = {NSDI'12},
 year = {2012},
 location = {San Jose, CA},
 pages = {2--2},
 numpages = {1},
 url = {http://dl.acm.org/citation.cfm?id=2228298.2228301},
 acmid = {2228301},
 publisher = {USENIX Association},
 address = {Berkeley, CA, USA},
} 

@article{hadoop_mr,
 author = {Dean, Jeffrey and Ghemawat, Sanjay},
 title = {MapReduce: Simplified Data Processing on Large Clusters},
 journal = {Commun. ACM},
 issue_date = {January 2008},
 volume = {51},
 number = {1},
 month = jan,
 year = {2008},
 issn = {0001-0782},
 pages = {107--113},
 numpages = {7},
 url = {http://doi.acm.org/10.1145/1327452.1327492},
 doi = {10.1145/1327452.1327492},
 acmid = {1327492},
 publisher = {ACM},
 address = {New York, NY, USA},
} 

@inproceedings{disag_isca,
 author = {Lim, Kevin and Chang, Jichuan and Mudge, Trevor and Ranganathan, Parthasarathy and Reinhardt, Steven K. and Wenisch, Thomas F.},
 title = {Disaggregated Memory for Expansion and Sharing in Blade Servers},
 booktitle = {Proceedings of the 36th Annual International Symposium on Computer Architecture},
 series = {ISCA '09},
 year = {2009},
 isbn = {978-1-60558-526-0},
 location = {Austin, TX, USA},
 pages = {267--278},
 numpages = {12},
 url = {http://doi.acm.org/10.1145/1555754.1555789},
 doi = {10.1145/1555754.1555789},
 acmid = {1555789},
 publisher = {ACM},
 address = {New York, NY, USA},
 keywords = {disaggregated memory, memory blades, memory capacity expansion, power and cost efficiencies},
} 

@misc{intel_sgx,
  title = {{IA-32 Architectures
Software Developerâ€™s Manual
, Sep 2015. Reference no.
325462-056US}},
}